<?xml version="1.0" encoding="UTF-8"?><collection xmlns="http://www.loc.gov/MARC21/slim"><record><leader>00515nam--2200181-i-4500</leader><controlfield tag="001">000009333</controlfield><controlfield tag="002">20161230</controlfield><controlfield tag="005">20161230201028</controlfield><controlfield tag="008">060222s1000------------r-----000-0-fre-d</controlfield><datafield ind1=" " ind2=" " tag="040"><subfield code="a">IFIN-HH</subfield></datafield><datafield ind1=" " ind2=" " tag="041"><subfield code="a">fre</subfield></datafield><datafield ind1=" " ind2=" " tag="080"><subfield code="a">539.1.078(043)</subfield></datafield><datafield ind1="1" ind2=" " tag="100"><subfield code="a">Zaninotti, Sylviane</subfield></datafield><datafield ind1="1" ind2="0" tag="245"><subfield code="a">Etude d'un spectrometre de vertex a grand angle solide goliath</subfield><subfield code="b">These</subfield><subfield code="c">Sylviane zaninotti</subfield></datafield><datafield ind1=" " ind2=" " tag="260"><subfield code="a">Paris-sud</subfield><subfield code="b">Universite</subfield><subfield code="c">1977</subfield></datafield><datafield ind1=" " ind2=" " tag="300"><subfield code="a">/PAG.DIF.</subfield></datafield><datafield ind1=" " ind2=" " tag="852"><subfield code="a">46354</subfield><subfield code="c">539.1.07:539.1.08</subfield></datafield><datafield ind1=" " ind2=" " tag="CAT"><subfield code="a">Sys</subfield><subfield code="c">20111027</subfield><subfield code="h">095207</subfield></datafield></record></collection>